[gd_scene load_steps=57 format=2]

[ext_resource path="res://button images/apprentice button.png" type="Texture" id=1]
[ext_resource path="res://button images/redcap button.png" type="Texture" id=2]
[ext_resource path="res://button images/apprentice button hover.png" type="Texture" id=3]
[ext_resource path="res://Menu.gd" type="Script" id=4]
[ext_resource path="res://button images/redcap button hover.png" type="Texture" id=5]
[ext_resource path="res://button images/queen button disabled.png" type="Texture" id=6]
[ext_resource path="res://button images/menu bottom.png" type="Texture" id=7]
[ext_resource path="res://button images/redcap button disabled.png" type="Texture" id=8]
[ext_resource path="res://button images/apprentice button disabled.png" type="Texture" id=9]
[ext_resource path="res://button images/sylph button disabled.png" type="Texture" id=10]
[ext_resource path="res://button images/queen button.png" type="Texture" id=11]
[ext_resource path="res://button images/falseangel button hover.png" type="Texture" id=12]
[ext_resource path="res://button images/queenslime button hover.png" type="Texture" id=13]
[ext_resource path="res://button images/automaton button disabled.png" type="Texture" id=14]
[ext_resource path="res://button images/sylph button.png" type="Texture" id=15]
[ext_resource path="res://button images/falseangel button disabled.png" type="Texture" id=16]
[ext_resource path="res://button images/queen button hover.png" type="Texture" id=17]
[ext_resource path="res://button images/automaton button.png" type="Texture" id=18]
[ext_resource path="res://button images/queenslime button disabled.png" type="Texture" id=19]
[ext_resource path="res://button images/automaton button hover.png" type="Texture" id=20]
[ext_resource path="res://button images/blueoni button hover.png" type="Texture" id=21]
[ext_resource path="res://button images/iron maiden button.png" type="Texture" id=22]
[ext_resource path="res://button images/red oni button hover.png" type="Texture" id=23]
[ext_resource path="res://button images/holstaur button hover.png" type="Texture" id=24]
[ext_resource path="res://button images/sacrifice button.png" type="Texture" id=25]
[ext_resource path="res://button images/holstaur button disabled.png" type="Texture" id=26]
[ext_resource path="res://button images/iron maiden button disabled.png" type="Texture" id=27]
[ext_resource path="res://button images/holstaur button.png" type="Texture" id=28]
[ext_resource path="res://button images/iron maiden button hover.png" type="Texture" id=29]
[ext_resource path="res://button images/ittanmomen button disabled.png" type="Texture" id=30]
[ext_resource path="res://button images/slime button disabled.png" type="Texture" id=31]
[ext_resource path="res://button images/nekomata button hover.png" type="Texture" id=32]
[ext_resource path="res://button images/ittanmomen button.png" type="Texture" id=33]
[ext_resource path="res://button images/sylph button hover.png" type="Texture" id=34]
[ext_resource path="res://button images/harpy button hover.png" type="Texture" id=35]
[ext_resource path="res://button images/priestess button hover.png" type="Texture" id=36]
[ext_resource path="res://button images/slime button hover.png" type="Texture" id=37]
[ext_resource path="res://button images/priestess button disabled.png" type="Texture" id=38]
[ext_resource path="res://button images/priestess button.png" type="Texture" id=39]
[ext_resource path="res://button images/harpy button.png" type="Texture" id=40]
[ext_resource path="res://button images/ittanmomen button hover.png" type="Texture" id=41]
[ext_resource path="res://button images/blueoni button disabled.png" type="Texture" id=42]
[ext_resource path="res://button images/nekomata button.png" type="Texture" id=43]
[ext_resource path="res://button images/red oni button.png" type="Texture" id=44]
[ext_resource path="res://button images/blueoni button.png" type="Texture" id=45]
[ext_resource path="res://button images/imp button.png" type="Texture" id=46]
[ext_resource path="res://button images/queenslime button.png" type="Texture" id=47]
[ext_resource path="res://button images/nekomata button disabled.png" type="Texture" id=48]
[ext_resource path="res://button images/slime button.png" type="Texture" id=49]
[ext_resource path="res://button images/falseangel button.png" type="Texture" id=50]
[ext_resource path="res://button images/imp button hover.png" type="Texture" id=51]
[ext_resource path="res://button images/sacrifice button hover.png" type="Texture" id=52]
[ext_resource path="res://button images/sacrifice button disabled.png" type="Texture" id=53]
[ext_resource path="res://button images/end turn button disabled.png" type="Texture" id=54]
[ext_resource path="res://button images/end turn button hover.png" type="Texture" id=55]
[ext_resource path="res://button images/end turn button.png" type="Texture" id=56]

[node name="Context Menu" type="CanvasLayer"]

[node name="Menu" type="VBoxContainer" parent="."]
margin_left = 4.95
margin_top = 20.0
margin_right = 569.95
margin_bottom = 228.0
rect_scale = Vector2( 0.5, 0.5 )
custom_constants/separation = 0
script = ExtResource( 4 )
__meta__ = {
"_edit_use_anchors_": false
}

[node name="Apprentice" type="TextureButton" parent="Menu"]
margin_right = 565.0
margin_bottom = 103.0
texture_normal = ExtResource( 1 )
texture_hover = ExtResource( 3 )
texture_disabled = ExtResource( 9 )

[node name="Iron Maiden" type="TextureButton" parent="Menu"]
margin_top = 103.0
margin_right = 565.0
margin_bottom = 206.0
texture_normal = ExtResource( 22 )
texture_hover = ExtResource( 29 )
texture_disabled = ExtResource( 27 )

[node name="Ittanmomen" type="TextureButton" parent="Menu"]
margin_top = 206.0
margin_right = 565.0
margin_bottom = 309.0
texture_normal = ExtResource( 33 )
texture_hover = ExtResource( 41 )
texture_disabled = ExtResource( 30 )

[node name="Nekomata" type="TextureButton" parent="Menu"]
margin_top = 309.0
margin_right = 565.0
margin_bottom = 412.0
texture_normal = ExtResource( 43 )
texture_hover = ExtResource( 32 )
texture_disabled = ExtResource( 48 )

[node name="Harpy" type="TextureButton" parent="Menu"]
margin_top = 412.0
margin_right = 565.0
margin_bottom = 515.0
texture_normal = ExtResource( 40 )
texture_hover = ExtResource( 35 )
texture_disabled = ExtResource( 26 )

[node name="Redcap" type="TextureButton" parent="Menu"]
margin_top = 515.0
margin_right = 565.0
margin_bottom = 618.0
texture_normal = ExtResource( 2 )
texture_hover = ExtResource( 5 )
texture_disabled = ExtResource( 8 )
__meta__ = {
"_edit_use_anchors_": false
}

[node name="Slime" type="TextureButton" parent="Menu"]
margin_top = 618.0
margin_right = 565.0
margin_bottom = 721.0
texture_normal = ExtResource( 49 )
texture_hover = ExtResource( 37 )
texture_disabled = ExtResource( 31 )

[node name="Holstaur" type="TextureButton" parent="Menu"]
margin_top = 721.0
margin_right = 565.0
margin_bottom = 824.0
texture_normal = ExtResource( 28 )
texture_hover = ExtResource( 24 )
texture_disabled = ExtResource( 26 )

[node name="Red Oni" type="TextureButton" parent="Menu"]
margin_top = 824.0
margin_right = 565.0
margin_bottom = 927.0
texture_normal = ExtResource( 44 )
texture_hover = ExtResource( 23 )
texture_disabled = ExtResource( 8 )

[node name="Blue Oni" type="TextureButton" parent="Menu"]
margin_top = 927.0
margin_right = 565.0
margin_bottom = 1030.0
texture_normal = ExtResource( 45 )
texture_hover = ExtResource( 21 )
texture_disabled = ExtResource( 42 )

[node name="Priestess" type="TextureButton" parent="Menu"]
margin_top = 1030.0
margin_right = 565.0
margin_bottom = 1133.0
texture_normal = ExtResource( 39 )
texture_hover = ExtResource( 36 )
texture_disabled = ExtResource( 38 )

[node name="Imp" type="TextureButton" parent="Menu"]
margin_top = 1133.0
margin_right = 565.0
margin_bottom = 1236.0
texture_normal = ExtResource( 46 )
texture_hover = ExtResource( 51 )
texture_disabled = ExtResource( 27 )

[node name="False Angel" type="TextureButton" parent="Menu"]
margin_top = 1236.0
margin_right = 565.0
margin_bottom = 1339.0
texture_normal = ExtResource( 50 )
texture_hover = ExtResource( 12 )
texture_disabled = ExtResource( 16 )

[node name="Queen Slime" type="TextureButton" parent="Menu"]
margin_top = 1339.0
margin_right = 565.0
margin_bottom = 1442.0
texture_normal = ExtResource( 47 )
texture_hover = ExtResource( 13 )
texture_disabled = ExtResource( 19 )

[node name="Automaton" type="TextureButton" parent="Menu"]
margin_top = 1442.0
margin_right = 565.0
margin_bottom = 1545.0
texture_normal = ExtResource( 18 )
texture_hover = ExtResource( 20 )
texture_disabled = ExtResource( 14 )

[node name="Sylph" type="TextureButton" parent="Menu"]
margin_top = 1545.0
margin_right = 565.0
margin_bottom = 1648.0
texture_normal = ExtResource( 15 )
texture_hover = ExtResource( 34 )
texture_disabled = ExtResource( 10 )

[node name="Queen" type="TextureButton" parent="Menu"]
margin_top = 1648.0
margin_right = 565.0
margin_bottom = 1751.0
texture_normal = ExtResource( 11 )
texture_hover = ExtResource( 17 )
texture_disabled = ExtResource( 6 )

[node name="Sacrifice" type="TextureButton" parent="Menu"]
margin_top = 1751.0
margin_right = 565.0
margin_bottom = 1854.0
texture_normal = ExtResource( 25 )
texture_hover = ExtResource( 52 )
texture_disabled = ExtResource( 53 )

[node name="End" type="TextureButton" parent="Menu"]
margin_top = 1854.0
margin_right = 565.0
margin_bottom = 1957.0
texture_normal = ExtResource( 56 )
texture_hover = ExtResource( 55 )
texture_disabled = ExtResource( 54 )

[node name="bottom" type="TextureButton" parent="Menu"]
margin_top = 1957.0
margin_right = 565.0
margin_bottom = 1962.0
texture_normal = ExtResource( 7 )
[connection signal="pressed" from="Menu/Apprentice" to="Menu" method="_on_Apprentice_Button_pressed"]
[connection signal="pressed" from="Menu/Iron Maiden" to="Menu" method="_on_Iron_Maiden_Button_pressed"]
[connection signal="pressed" from="Menu/Ittanmomen" to="Menu" method="_on_Ittanmomen_Button_pressed"]
[connection signal="pressed" from="Menu/Nekomata" to="Menu" method="_on_Nekomata_Button_pressed"]
[connection signal="pressed" from="Menu/Harpy" to="Menu" method="_on_Harpy_Button_pressed"]
[connection signal="pressed" from="Menu/Redcap" to="Menu" method="_on_Redcap_Button_pressed"]
[connection signal="pressed" from="Menu/Slime" to="Menu" method="_on_Slime_Button_pressed"]
[connection signal="pressed" from="Menu/Holstaur" to="Menu" method="_on_Holstaur_Button_pressed"]
[connection signal="pressed" from="Menu/Red Oni" to="Menu" method="_on_Red_Oni_Button_pressed"]
[connection signal="pressed" from="Menu/Blue Oni" to="Menu" method="_on_Blue_Oni_Button_pressed"]
[connection signal="pressed" from="Menu/Priestess" to="Menu" method="_on_Priestess_Button_pressed"]
[connection signal="pressed" from="Menu/Imp" to="Menu" method="_on_Imp_Button_pressed"]
[connection signal="pressed" from="Menu/False Angel" to="Menu" method="_on_False_Angel_Button_pressed"]
[connection signal="pressed" from="Menu/Queen Slime" to="Menu" method="_on_Queen_Slime_Button_pressed"]
[connection signal="pressed" from="Menu/Automaton" to="Menu" method="_on_Automaton_Button_pressed"]
[connection signal="pressed" from="Menu/Sylph" to="Menu" method="_on_Sylph_Button_pressed"]
[connection signal="pressed" from="Menu/Queen" to="Menu" method="_on_Queen_Button_pressed"]
[connection signal="pressed" from="Menu/Sacrifice" to="Menu" method="_on_Sacrifice_Button_pressed"]
[connection signal="pressed" from="Menu/End" to="Menu" method="_on_End_Button_pressed"]
