[gd_scene load_steps=18 format=2]

[ext_resource path="res://card sprites/ironmaiden.png" type="Texture" id=1]
[ext_resource path="res://card sprites/ittanmomen.png" type="Texture" id=2]
[ext_resource path="res://card sprites/falseangel.png" type="Texture" id=3]
[ext_resource path="res://card sprites/automaton.png" type="Texture" id=4]
[ext_resource path="res://card sprites/queen.png" type="Texture" id=5]
[ext_resource path="res://card sprites/queenslime.png" type="Texture" id=6]
[ext_resource path="res://card sprites/redcap.png" type="Texture" id=7]
[ext_resource path="res://card sprites/redoni.png" type="Texture" id=8]
[ext_resource path="res://card sprites/apprentice.png" type="Texture" id=9]
[ext_resource path="res://card sprites/harpy.png" type="Texture" id=10]
[ext_resource path="res://card sprites/imp.png" type="Texture" id=11]
[ext_resource path="res://card sprites/nekomata.png" type="Texture" id=12]
[ext_resource path="res://card sprites/priestess.png" type="Texture" id=13]
[ext_resource path="res://card sprites/blueoni.png" type="Texture" id=14]
[ext_resource path="res://card sprites/slime.png" type="Texture" id=15]
[ext_resource path="res://card sprites/holstaur.png" type="Texture" id=16]
[ext_resource path="res://card sprites/sylph.png" type="Texture" id=17]

[node name="Piece Cards" type="Node"]

[node name="Apprentice Card" type="Sprite" parent="."]
position = Vector2( 341.719, 133.484 )
texture = ExtResource( 9 )

[node name="Iron Maiden Card" type="Sprite" parent="."]
position = Vector2( 1051.85, 138.823 )
texture = ExtResource( 1 )

[node name="Nekomata Card" type="Sprite" parent="."]
position = Vector2( 1778.01, 138.823 )
texture = ExtResource( 12 )

[node name="IttanMomen Card" type="Sprite" parent="."]
position = Vector2( 2571.05, 155.935 )
texture = ExtResource( 2 )

[node name="Harpy Card" type="Sprite" parent="."]
position = Vector2( 342.523, 1145.26 )
texture = ExtResource( 10 )

[node name="Slime Card" type="Sprite" parent="."]
position = Vector2( 1063.34, 1139.93 )
texture = ExtResource( 15 )

[node name="Redcap Card" type="Sprite" parent="."]
position = Vector2( 1804, 1136 )
texture = ExtResource( 7 )

[node name="Holstaur Card" type="Sprite" parent="."]
position = Vector2( 2600, 1132 )
texture = ExtResource( 16 )

[node name="Red Oni Card" type="Sprite" parent="."]
position = Vector2( 340, 2116 )
texture = ExtResource( 8 )

[node name="Blue Oni Card" type="Sprite" parent="."]
position = Vector2( 1075.04, 2131.06 )
texture = ExtResource( 14 )

[node name="Priestess Card" type="Sprite" parent="."]
position = Vector2( 1807.59, 2121.54 )
texture = ExtResource( 13 )

[node name="Imp Card" type="Sprite" parent="."]
position = Vector2( 2616.26, 2140.57 )
texture = ExtResource( 11 )

[node name="False Angel Card" type="Sprite" parent="."]
position = Vector2( 3686.54, 171.246 )
texture = ExtResource( 3 )

[node name="Queen Slime Card" type="Sprite" parent="."]
position = Vector2( 4528.5, 161.732 )
texture = ExtResource( 6 )

[node name="Automaton Card" type="Sprite" parent="."]
position = Vector2( 3681.78, 1174.94 )
texture = ExtResource( 4 )

[node name="Sylph Card" type="Sprite" parent="."]
position = Vector2( 4576.07, 1165.42 )
texture = ExtResource( 17 )

[node name="Queen Card" type="Sprite" parent="."]
position = Vector2( 3691.3, 2188.14 )
texture = ExtResource( 5 )
